0000006032320005                  BV XXXXXXX                GEBABEBB   00111111111 00000                                       2
12006BE11111111111111                  EUR0000000001293450030323BV XXXXXXX                                                   002
21000100002303061130436215     1000000000395550060323101070000                                                     06032300611 0
2200010000                                                     ACERTA/I/03948039/230306/1                                    0 0
21000200002303061130435774     1000000000249340060323101070000                                                     06032300611 0
2200020000                                                     ACERTA/I/33449300/230306/1                                    0 0
8006BE11111111111111                  EUR0000000000648560060323                                                                0
9               000006000000000644890000000000000000                                                                           1