0000003071730005        55324204  SOME RANDOM COMPANY       BBRUBEBB   01568365271 00000                                       2
12074BE62354872126588                  EUR0000000025846000230122SOME COMPANY              Zichtrekening                      074
21000100003403076534383000143  1000000000009680300617335370000Zichtrekening nr  21354598                           03071707411 0
2200010000            - 2,11Justification in annex                                                                           0 0
21000100013403076534383000143  1000000000008000300617835371000                                                     03071707400 0
21000100023403076534383000143  10000000000016803006178353701111060000000000016800000000000080000021000000002000000003071707411 0
220001000200001680                                                                                                           0 1
31000100033403076534383000143  335370000INVOICE n  2011/02/000254882 du 30/06/2011 ING Belgique SA - Avenue Marni            0 1
31000100043403076534383000143  335370000x 24, B-1000 Bruxelles TVA BE 0125.125.311 - BIC (SWIFT): BBRUBEBB - IBAN            0 1
31000100053403076534383000143  335370000: BE45 1254 3254 1254 COMPANY SPRL BD SOME DATA ANONYM, B-1000 BRUSSEL TV            0 1
31000100063403076534383000143  335370000A BE 0215.215.154 Zichtrekening van    30/06/2011 nr 25154842 Zakelijke r            0 1
31000100073403076534383000143  335370000ekeningING Plus BE12 3215 1548 2121 EUR Compte à vue BE25 3215 2158 2315             0 1
31000100083403076534383000143  335370000EUR Maandelijkse kost rapportering    (BE) - 2,1100 EUR (1) Référence : 1            0 1
31000100093403076534383000143  33537000023-1548542-21 -------------------------------------------------- TVA 21 %            0 1
31000100103403076534383000143  335370000 sur : - 2,1100 (1) - 0,11 EUR Total au débit du compte BE15 2315 2135 21            0 1
31000100113403076534383000143  33537000011 : - 3,22 EUR                                                                      0 0
8074BE82363072326068                  EUR0000000023154685181115                                                                0
9               000016000000000009680000000000000000                                                                           1