0000006062472505        00265207  BOUWBEDRIJF VOOR GROTE WERKREDBEBB   00330158420 00000                                       2
10158138536152215 EUR0BE                  0000000000100000050624BOUWBEDRIJF VOOR GROTE WERKBC-Bedrijfsrekening               158
2100010000BANK-REF-AAAAAAAAAAAA0000000001000000060624105500000                                                     06062415811 0
2200010000                                                     REF-RECUR-06-05                                               0 0
2100010001BANK-REF-BBBBBBBBBBBB0000000000250000060624505500001127060624120BBE2ZZZ3215646432                  SEPA-006062415801 0
220001000100000001                     243690000141            243690000141                       KREDBEBB           SUPP    1 0
2300010001BE22313215646432                     KLANT1 MET NAAM1                                                         0    0 1
3100010002BANK-REF-BBBBBBBBBBBB505500001001KLANT1 MET NAAM1                                                                  1 0
3200010002GROTE WEG            32            3215    HASSELT                                                                 0 0
2100010003BANK-REF-CCCCCCCCCCCC0000000000750000060624505500001127060624120BE25ZZZ548413215                   SEPA-006062415801 0
22000100030000002                      243690000142            243690000142                       KREDBEBB           SUPP    1 0
2300010003BE25646548413215                     KLANT2 MET NAAM2                                                         0    0 1
3100010004BANK-REF-CCCCCCCCCCCC505500001001KLANT2 MET NAAM2                                                                  1 0
3200010004OETGANGERSTRAAT 26                1215        ANTWERPEN                                                            0 0
8158138536152215 EUR0BE                  0000000001100000060624                                                                0
9               000014000000000000000000000001000000                                                                           2
