0000011101772505        00265207  BOUWBEDRIJF VOOR GROTE WERKREDBEBB   00330158420 00000                                       2
10139138536152215 EUR0BE                  0000000017752120101017BOUWBEDRIJF VOOR GROTE WERKBC-Bedrijfsrekening               138
2100010000JRFC00120DSCCOCACAERT0000000000005000111017001500001101000003505158                                      11101713901 0
2200010000                                                     243690000141                       KREDBEBB                   1 0
2300010000BE22313215646432                     KLANT1 MET NAAM1                                                              0 1
3100010001JRFC00120DSCCOCACAERT001500001001KLANT1 MET NAAM1                                                                  1 0
3200010001GROTE WEG            32            3215    HASSELT                                                                 0 0
8139138536152215 EUR0BE                  0000000017832120111017                                                                0
9               000022000000000000000000000000080000                                                                           1
