0000030101719005        00411737  LASTNAME FIRSTNAME         CREGBEBB   00644496704 00000                                      2
10103732XXXXXXXXX EUR0BE                  0000000099999990261017TIX02 SPRL                Compte Business One CBC            103
2100040000310N019418263001137  0000000017233540310517001500000Europese overschrijving (zie bijlage)                31051710101 0
2200040000 + 17.233,54Van: COMPANY BLABLABLAH BVBA - BE64NOT PROVIDED BBRUBEBB                                               1 0
2300040000BE34359648312345 EURCOMPANY BLABLABLAH BVBA 363120669252                                                           0 1
3100040001310N019418263001137 001500001001COMPANY BLABLABLAH BVBA                                                            1 0
3200040001STRAATSTREEEEEET 123 1111 PLACE                                                                                    0 1
3100040002310N019418263001137 001500000Europese overschrijving Van: COMPANY BLABLABLAH BVBA STRAATSTREEEEEET 123             0 1
3100040003310N019418263001137 001500000 1111 PLACE Belgie IBAN: BE34359648312349                                             0 0
8103732038134791 EUR0BE                  0000000099999990301017                                                                0
9               000016000000000859090000000000163350                                                                           2