0000006062472505        00265207  BOUWBEDRIJF VOOR GROTE WERKREDBEBB   00330158420 00000                                       2
10158138536152215 EUR0BE                  0000000000100000050624BOUWBEDRIJF VOOR GROTE WERKBC-Bedrijfsrekening               158
2100010000BANK-REF-AAAAAAAAAAAA0000000001000000060624105500000                                                     06062415811 0
2200010000                                                     REF-RECUR-06-05                                               0 0
8158138536152215 EUR0BE                  0000000001100000060624                                                                0
9               000004000000000000000000000001000000                                                                           2
