0000030101719005        00411737  LASTNAME FIRSTNAME         CREGBEBB   00644496704 00000                                      2
10103732XXXXXXXXX EUR0BE                  0000000099999990261017TIX02 SPRL                Compte Business One CBC            103
2100010000PSUF00968 TK4TBNINNIG1000000000812690301017313010000Message goes here                                    30101710311 0
2300010000XXXXXXXXXXXX                                                                                                       0 0
2100010001PSUF00968 TK4TBNINNIG1000000000805730301017813010550and continues here                                   30101710300 0
2100010002PSUF00968 TK4TBNINNIG1000000000006960301017813010020or here                                              30101710310 0
8103732038134791 EUR0BE                  0000000099999990301017                                                                0
9               000016000000000859090000000000163350                                                                           2